Me

@article{markthesis,
    author  = {Hu, S.},
    title   = {Quasilinear Time Decoding Algorithm for Topological Codes with High Error Threshold},
    journal = {Delft University of Technology},
    year    = {2020},
    note    = {doi: 10.13140/RG.2.2.13495.96162}
}

@misc{qsurface,
    author       = {Hu, S.},
    title        = {Qsurface, A simulator and visualizer for surface code and decoding the surface code.},
    publisher    = {GitHub},
    journal      = {Git repository},
    howpublished = {GitHub},
    note         = {doi: 10.5281/zenodo.4247617},
    year         = {2020}
}

Surface Code

@article{dennis2002topological,
    author    = {Dennis, Eric and Kitaev, Alexei and Landahl, Andrew and Preskill, John},
    note      = {doi: 10.1063/1.1499754},
    journal   = {Journal of Mathematical Physics},
    number    = {9},
    pages     = {4452--4505},
    publisher = {American Institute of Physics},
    title     = {Topological quantum memory},
    volume    = {43},
    year      = {2002}
}

@article{fowler2010surface,
    author    = {Fowler, Austin G and Wang, David S and Hill, Charles D and Ladd, Thaddeus D and Van Meter, Rodney and Hollenberg, Lloyd CL},
    note      = {doi: 10.1103/PhysRevLett.104.180503},
    journal   = {Physical review letters},
    number    = {18},
    pages     = {180503},
    publisher = {APS},
    title     = {Surface code quantum communication},
    volume    = {104},
    year      = {2010}
}

@article{kitaev2003fault,
    author    = {Kitaev, A Yu},
    note      = {doi: 10.1016/S0003-4916(02)00018-0},
    journal   = {Annals of Physics},
    number    = {1},
    pages     = {2--30},
    publisher = {Elsevier},
    title     = {Fault-tolerant quantum computation by anyons},
    volume    = {303},
    year      = {2003}
}

@article{wang2003confinement,
    author    = {Wang, Chenyang and Harrington, Jim and Preskill, John},
    note      = {doi: 10.1016/S0003-4916(02)00019-2},
    journal   = {Annals of Physics},
    number    = {1},
    pages     = {31--58},
    publisher = {Elsevier},
    title     = {Confinement-Higgs transition in a disordered gauge theory and the accuracy threshold for quantum memory},
    volume    = {303},
    year      = {2003}
}

Color Codes

@article{chamberland2020triangular,
    author    = {Chamberland, Christopher and Kubica, Aleksander and Yoder, Theodore J and Zhu, Guanyu},
    note      = {doi: 10.1088/1367-2630/ab68fd},
    journal   = {New Journal of Physics},
    number    = {2},
    pages     = {023019},
    publisher = {IOP Publishing},
    title     = {Triangular color codes on trivalent graphs with flag qubits},
    volume    = {22},
    year      = {2020}
}

@article{delfosse2014decoding,
    author    = {Delfosse, Nicolas},
    note      = {doi: 10.1103/PhysRevA.89.012317},
    journal   = {Physical Review A},
    number    = {1},
    pages     = {012317},
    publisher = {APS},
    title     = {Decoding color codes by projection onto surface codes},
    volume    = {89},
    year      = {2014}
}

@article{landahl2011fault,
    author  = {Landahl, Andrew J and Anderson, Jonas T and Rice, Patrick R},
    journal = {arXiv preprint arXiv:1108.5738},
    title   = {Fault-tolerant quantum computing with color codes},
    year    = {2011}
}

@article{sarvepalli2012efficient,
    author    = {Sarvepalli, Pradeep and Raussendorf, Robert},
    note      = {doi: 10.1103/PhysRevA.85.022317},
    journal   = {Physical Review A},
    number    = {2},
    pages     = {022317},
    publisher = {APS},
    title     = {Efficient decoding of topological color codes},
    volume    = {85},
    year      = {2012}
}

Erasure

@article{stace2009thresholds,
    author    = {Stace, Thomas M. and Barrett, Sean D. and Doherty, Andrew C},
    note      = {doi: 10.1103/PhysRevLett.102.200501},
    journal   = {Physical review letters},
    number    = {20},
    pages     = {200501},
    publisher = {APS},
    title     = {Thresholds for topological codes in the presence of loss},
    volume    = {102},
    year      = {2009}
}

@article{stace2010error,
    author    = {Stace, Thomas M. and Barrett, Sean D.},
    note      = {doi: 10.1103/PhysRevA.81.022317},
    journal   = {Physical Review A},
    number    = {2},
    pages     = {022317},
    publisher = {APS},
    title     = {Error correction and degeneracy in surface codes suffering loss},
    volume    = {81},
    year      = {2010}
}

MWPM 

@article{fowler2012towards,
    author    = {Fowler, Austin G and Whiteside, Adam C and Hollenberg, Lloyd CL},
    note      = {doi: 10.1103/PhysRevLett.108.180501},
    journal   = {Physical review letters},
    number    = {18},
    pages     = {180501},
    publisher = {APS},
    title     = {Towards practical classical processing for the surface code},
    volume    = {108},
    year      = {2012}
}

@article{fowler2013minimum,
    author  = {Fowler, Austin G},
    journal = {arXiv preprint arXiv:1307.1740},
    title   = {Minimum weight perfect matching of fault-tolerant topological quantum error correction in average $ O (1) $ parallel time},
    year    = {2013}
}

@article{kolmogorov2009blossom,
    author    = {Kolmogorov, Vladimir},
    note      = {doi: 10.1007/s12532-009-0002-8},
    journal   = {Mathematical Programming Computation},
    number    = {1},
    pages     = {43--67},
    publisher = {Springer},
    title     = {Blossom V: a new implementation of a minimum cost perfect matching algorithm},
    volume    = {1},
    year      = {2009}
}

@article{raussendorf2007faulttolerant,
    author    = {Raussendorf, Robert and Harrington, Jim},
    note      = {doi: 10.1103/PhysRevLett.98.190504},
    issue     = {19},
    journal   = {Phys. Rev. Lett.},
    month     = {May},
    pages     = {190504},
    publisher = {American Physical Society},
    title     = {Fault-Tolerant Quantum Computation with High Threshold in Two Dimensions},
    volume    = {98},
    year      = {2007}
}

@article{tuckett2020fault,
    author    = {Tuckett, David K. and Bartlett, Stephen D. and Flammia, Steven T. and Brown, Benjamin J.},
    note      = {doi: 10.1103/PhysRevLett.124.130501},
    journal   = {Phys. Rev. Lett.},
    month     = {Mar},
    pages     = {130501},
    publisher = {American Physical Society},
    title     = {Fault-Tolerant Thresholds for the Surface Code in Excess of 5 under Biased Noise},
    volume    = {124},
    year      = {2020}
}

Neural Net

@article{baireuther2019neural,
    author    = {Baireuther, Paul and Caio, Marcello D and Criger, Ben and Beenakker, Carlo WJ and Oâ€™Brien, Thomas E},
    note      = {doi: 10.1088/1367-2630/aaf29e},
    journal   = {New Journal of Physics},
    number    = {1},
    pages     = {013003},
    publisher = {IOP Publishing},
    title     = {Neural network decoder for topological color codes with circuit level noise},
    volume    = {21},
    year      = {2019}
}

@article{chamberland2018deep,
    author    = {Christopher Chamberland and Pooya Ronagh},
    note      = {doi: 10.1088/2058-9565/aad1f7},
    journal   = {Quantum Science and Technology},
    month     = {jul},
    number    = {4},
    pages     = {044002},
    publisher = {IOP Publishing},
    title     = {Deep neural decoders for near term fault-tolerant experiments},
    volume    = {3},
    year      = {2018}
}

@article{krastanov2017deep,
    author    = {Krastanov, Stefan and Jiang, Liang},
    note      = {doi: 10.1038/s41598-017-11266-1},
    journal   = {Scientific reports},
    number    = {1},
    pages     = {1--7},
    publisher = {Nature Publishing Group},
    title     = {Deep neural network probabilistic decoder for stabilizer codes},
    volume    = {7},
    year      = {2017}
}

@article{liu2019neural,
    author    = {Liu, Ye-Hua and Poulin, David},
    note      = {doi: 10.1103/PhysRevLett.122.200501},
    journal   = {Physical review letters},
    number    = {20},
    pages     = {200501},
    publisher = {APS},
    title     = {Neural belief-propagation decoders for quantum error-correcting codes},
    volume    = {122},
    year      = {2019}
}

@article{nautrup2019optimizing,
    author    = {Nautrup, Hendrik Poulsen and Delfosse, Nicolas and Dunjko, Vedran and Briegel, Hans J and Friis, Nicolai},
    note      = {doi: 10.22331/q-2019-12-16-215},
    journal   = {Quantum},
    pages     = {215},
    publisher = {Verein zur F{\"o}rderung des Open Access Publizierens in den Quantenwissenschaften},
    title     = {Optimizing quantum error correction codes with reinforcement learning},
    volume    = {3},
    year      = {2019}
}

@article{sweke2018reinforcement,
    author  = {Sweke, Ryan and Kesselring, Markus S and van Nieuwenburg, Evert PL and Eisert, Jens},
    journal = {arXiv preprint arXiv:1810.07207},
    title   = {Reinforcement learning decoders for fault-tolerant quantum computation},
    year    = {2018}
}

@article{torlai2017neural,
    author    = {Torlai, Giacomo and Melko, Roger G},
    note      = {doi: 10.1103/PhysRevLett.119.030501},
    journal   = {Physical review letters},
    number    = {3},
    pages     = {030501},
    publisher = {APS},
    title     = {Neural decoder for topological codes},
    volume    = {119},
    year      = {2017}
}

@article{tuckett2018ultrahigh,
    author    = {Tuckett, David K and Bartlett, Stephen D and Flammia, Steven T},
    note      = {doi: 10.1103/PhysRevLett.120.050505},
    journal   = {Physical review letters},
    number    = {5},
    pages     = {050505},
    publisher = {APS},
    title     = {Ultrahigh error threshold for surface codes with biased noise},
    volume    = {120},
    year      = {2018}
}

@article{varsamopoulos2017decoding,
    author    = {Varsamopoulos, Savvas and Criger, Ben and Bertels, Koen},
    note      = {doi: 10.1088/2058-9565/aa955a},
    journal   = {Quantum Science and Technology},
    number    = {1},
    pages     = {015004},
    publisher = {IOP Publishing},
    title     = {Decoding small surface codes with feedforward neural networks},
    volume    = {3},
    year      = {2017}
}

@article{varsamopoulos2020decoding,
    author    = {Varsamopoulos, Savvas and Bertels, Koen and Almudever, Carmen G},
    note      = {doi: 10.1007/s42484-020-00015-9},
    journal   = {Quantum Machine Intelligence},
    number    = {1},
    pages     = {1--12},
    publisher = {Springer},
    title     = {Decoding surface code with a distributed neural network--based decoder},
    volume    = {2},
    year      = {2020}
}

Optimal

@article{bravyi2014efficient,
    author    = {Bravyi, Sergey and Suchara, Martin and Vargo, Alexander},
    note      = {doi: 10.1103/PhysRevA.90.032326},
    journal   = {Physical Review A},
    number    = {3},
    pages     = {032326},
    publisher = {APS},
    title     = {Efficient algorithms for maximum likelihood decoding in the surface code},
    volume    = {90},
    year      = {2014}
}

@article{heim2016optimal,
    author  = {Heim, Bettina and Svore, Krysta M and Hastings, Matthew B},
    journal = {arXiv preprint arXiv:1609.06373},
    title   = {Optimal circuit-level decoding for surface codes},
    year    = {2016}
}

Union-Find

@article{das2020scalable,
    author  = {Das, Poulami and Pattison, Christopher A and Manne, Srilatha and Carmean, Douglas and Svore, Krysta and Qureshi, Moinuddin and Delfosse, Nicolas},
    journal = {arXiv preprint arXiv:2001.06598},
    title   = {A Scalable Decoder Micro-architecture for Fault-Tolerant Quantum Computing},
    year    = {2020}
}

@article{delfosse2017almost,
    author  = {Delfosse, Nicolas and Nickerson, Naomi H},
    journal = {arXiv preprint arXiv:1709.06218},
    title   = {Almost-linear time decoding algorithm for topological codes},
    year    = {2017}
}

@article{delfosse2017linear,
    author  = {Delfosse, Nicolas and Z{\'e}mor, Gilles},
    note    = {doi: 10.1103/PhysRevResearch.2.033042},
    journal = {arXiv preprint arXiv:1703.01517},
    title   = {Linear-time maximum likelihood decoding of surface codes over the quantum erasure channel},
    year    = {2017}
}

@article{delfosse2020beyond,
    author  = {Delfosse, Nicolas and Reichardt, Ben W and Svore, Krysta M},
    journal = {arXiv preprint arXiv:2002.05180},
    title   = {Beyond single-shot fault-tolerant quantum error correction},
    year    = {2020}
}

@article{delfosse2020hierarchical,
    author  = {Delfosse, Nicolas},
    journal = {arXiv preprint arXiv:2001.11427},
    title   = {Hierarchical decoding to reduce hardware requirements for quantum computing},
    year    = {2020}
}

@article{huang2020fault,
    author  = {Huang, Shilin and Newman, Michael and Brown, Kenneth R},
    journal = {arXiv preprint arXiv:2004.04693},
    title   = {Fault-Tolerant Weighted Union-Find Decoding on the Toric Code},
    year    = {2020}
}

@article{tarjan1975efficiency,
    author    = {Tarjan, Robert Endre},
    note      = {doi: 10.1145/321879.321884},
    journal   = {Journal of the ACM (JACM)},
    number    = {2},
    pages     = {215--225},
    publisher = {ACM New York, NY, USA},
    title     = {Efficiency of a good but not linear set union algorithm},
    volume    = {22},
    year      = {1975}
}

Others

@article{anwar2014fast,
    title     = {Fast decoders for qudit topological codes},
    author    = {Anwar, Hussain and Brown, Benjamin J. and Campbell, Earl T. and Browne, Dan E},
    journal   = {New Journal of Physics},
    volume    = {16},
    number    = {6},
    pages     = {063038},
    year      = {2014},
    publisher = {IOP Publishing}
}
@article{anwar2014fast,
    author    = {Anwar, Hussain and Brown, Benjamin J. and Campbell, Earl T. and Browne, Dan E},
    note      = {doi: 10.1088/1367-2630/16/6/063038},
    journal   = {New Journal of Physics},
    number    = {6},
    pages     = {063038},
    publisher = {IOP Publishing},
    title     = {Fast decoders for qudit topological codes},
    volume    = {16},
    year      = {2014}
}

@article{bombin2012universal,
    author    = {Bombin, Hector and Duclos-Cianci, Guillaume and Poulin, David},
    note      = {doi: 10.1088/1367-2630/14/7/073048},
    journal   = {New Journal of Physics},
    number    = {7},
    pages     = {073048},
    publisher = {IOP Publishing},
    title     = {Universal topological phase of two-dimensional stabilizer codes},
    volume    = {14},
    year      = {2012}
}

@article{bravyi2013quantum,
    author    = {Bravyi, Sergey and Haah, Jeongwan},
    note      = {doi: 10.1103/PhysRevLett.111.200501},
    journal   = {Physical review letters},
    number    = {20},
    pages     = {200501},
    publisher = {APS},
    title     = {Quantum self-correction in the 3d cubic code model},
    volume    = {111},
    year      = {2013}
}

@article{darmawan2018linear,
    author    = {Darmawan, Andrew S. and Poulin, David},
    note      = {doi: 10.1103/PhysRevE.97.051302},
    issue     = {5},
    journal   = {Phys. Rev. E},
    month     = {May},
    numpages  = {5},
    pages     = {051302},
    publisher = {American Physical Society},
    title     = {Linear-time general decoding algorithm for the surface code},
    volume    = {97},
    year      = {2018}
}

@article{duclos2010fast,
    author    = {Duclos-Cianci, Guillaume and Poulin, David},
    note      = {doi: 10.1103/PhysRevLett.104.050504},
    issue     = {5},
    journal   = {Phys. Rev. Lett.},
    month     = {Feb},
    pages     = {050504},
    publisher = {American Physical Society},
    title     = {Fast Decoders for Topological Quantum Codes},
    volume    = {104},
    year      = {2010}
}

@article{duclos2013fault,
    author     = {Duclos-Cianci, Guillaume and Poulin, David},
    note       = {doi: 10.5555/2638670.2638671},
    journal    = {Quantum Info. Comput.},
    month      = {jul},
    number     = {9},
    pages      = {721â€“740},
    publisher  = {Rinton Press, Incorporated},
    title      = {Fault-Tolerant Renormalization Group Decoder for Abelian Topological Codes},
    volume     = {14},
    year       = {2014}
}

@article{duclos2013kitaev,
    author    = {Duclos-Cianci, Guillaume and Poulin, David},
    note      = {doi: 10.1103/PhysRevLett.104.050504},
    journal   = {Physical Review A},
    number    = {6},
    pages     = {062338},
    publisher = {APS},
    title     = {Kitaev's Z d-code threshold estimates},
    volume    = {87},
    year      = {2013}
}

@article{herold2015cellular,
    author    = {Herold, Michael and Campbell, Earl T. and Eisert, Jens and Kastoryano, Michael J.},
    note      = {doi: 10.1038/npjqi.2015.10},
    issn      = {2056-6387},
    journal   = {npj Quantum Information},
    month     = {Oct},
    number    = {1},
    publisher = {Springer Science and Business Media LLC},
    title     = {Cellular-automaton decoders for topological quantum memories},
    volume    = {1},
    year      = {2015}
}

@article{horsman2012surface,
    author    = {Horsman, Clare and Fowler, Austin G. and Devitt, Simon and Van Meter, Rodney},
    note      = {doi: 10.1088/1367-2630/14/12/123011},
    journal   = {New Journal of Physics},
    number    = {12},
    pages     = {123011},
    publisher = {IOP Publishing},
    title     = {Surface code quantum computing by lattice surgery},
    volume    = {14},
    year      = {2012}
}

@article{hutter2015improved,
    author    = {Hutter, Adrian and Loss, Daniel and Wootton, James R},
    note      = {doi: 10.1088/1367-2630/17/3/035017},
    journal   = {New Journal of Physics},
    number    = {3},
    pages     = {035017},
    publisher = {IOP Publishing},
    title     = {Improved HDRG decoders for qudit and non-abelian quantum error correction},
    volume    = {17},
    year      = {2015}
}

@article{kubica2019cellular,
    author    = {Kubica, Aleksander and Preskill, John},
    note      = {doi: 10.1103/PhysRevLett.123.020501},
    journal   = {Physical review letters},
    number    = {2},
    pages     = {020501},
    publisher = {APS},
    title     = {Cellular-automaton decoders with provable thresholds for topological codes},
    volume    = {123},
    year      = {2019}
}

@article{kuo2021exploiting,
  title={Exploiting degeneracy in belief propagation decoding of quantum codes},
  author={Kuo, Kao-Yueh and Lai, Ching-Yi},
  journal={arXiv preprint arXiv:2104.13659},
  year={2021}
}

@article{nickerson2019analysing,
    author    = {Nickerson, Naomi H and Brown, Benjamin J},
    note      = {doi: 10.22331/q-2019-04-08-131},
    journal   = {Quantum},
    pages     = {131},
    publisher = {Verein zur F{\"o}rderung des Open Access Publizierens in den Quantenwissenschaften},
    title     = {Analysing correlated noise on the surface code using adaptive decoding algorithms},
    volume    = {3},
    year      = {2019}
}

@article{sarvepalli2012efficient,
    author    = {Sarvepalli, Pradeep and Raussendorf, Robert},
    note      = {doi: 10.1103/PhysRevA.85.022317},
    journal   = {Physical Review A},
    number    = {2},
    pages     = {022317},
    publisher = {APS},
    title     = {Efficient decoding of topological color codes},
    volume    = {85},
    year      = {2012}
}

@article{watson2015fast,
    author    = {Watson, Fern HE and Anwar, Hussain and Browne, Dan E},
    note      = {doi: 10.1103/PhysRevA.92.032309},
    journal   = {Physical Review A},
    number    = {3},
    pages     = {032309},
    publisher = {APS},
    title     = {Fast fault-tolerant decoder for qubit and qudit surface codes},
    volume    = {92},
    year      = {2015}
}

@article{wootton2012high,
    author    = {Wootton, James R. and Loss, Daniel},
    note      = {doi: 10.1103/PhysRevLett.109.160503},
    journal   = {Physical review letters},
    number    = {16},
    pages     = {160503},
    publisher = {APS},
    title     = {High threshold error correction for the surface code},
    volume    = {109},
    year      = {2012}
}
